@inproceedings{malhotra2014graph,
    author = "Malhotra, Pankaj and Agarwal, Puneet and Shroff, Gautam",
    title = "Graph-Parallel Entity Resolution using LSH \& IMM.",
    booktitle = "EDBT/ICDT Workshops",
    pages = "41--49",
    year = "2014"
}

@inproceedings{rao2010streaming,
    author = "Rao, Delip and McNamee, Paul and Dredze, Mark",
    title = "Streaming cross document entity coreference resolution",
    booktitle = "Proceedings of the 23rd International Conference on Computational Linguistics: Posters",
    pages = "1050--1058",
    year = "2010",
    organization = "Association for Computational Linguistics"
}

@article{kwon2011study,
    author = "Kwon, YongChul and Balazinska, Magdalena and Howe, Bill and Rolia, Jerome",
    title = "A study of skew in mapreduce applications",
    journal = "Open Cirrus Summit",
    year = "2011"
}

@article{kolb2013parallel,
    author = "Kolb, Lars and Rahm, Erhard",
    title = "Parallel entity resolution with dedoop",
    journal = "Datenbank-Spektrum",
    volume = "13",
    number = "1",
    pages = "23--32",
    year = "2013",
    publisher = "Springer"
}

@inproceedings{christen2008towards,
    author = "Christen, Peter and Gayler, Ross",
    title = "Towards scalable real-time entity resolution using a similarity-aware inverted index approach",
    booktitle = "Proceedings of the 7th Australasian Data Mining Conference-Volume 87",
    pages = "51--60",
    year = "2008",
    organization = "Australian Computer Society, Inc."
}

@article{elmagarmid_duplicate_2007,
	title = {Duplicate record detection: {A} survey},
	volume = {19},
	shorttitle = {Duplicate record detection},
	url = {http://ieeexplore.ieee.org/xpls/abs_all.jsp?arnumber=4016511},
	number = {1},
	urldate = {2016-10-06},
	journal = {IEEE Transactions on knowledge and data engineering},
	author = {Elmagarmid, Ahmed K. and Ipeirotis, Panagiotis G. and Verykios, Vassilios S.},
	year = {2007},
	pages = {1--16},
}
