% This file was created with JabRef 2.10.
% Encoding: UTF-8


@InProceedings{798396,
  Title                    = {Harvest, yield, and scalable tolerant systems},
  Author                   = {A. Fox and E. A. Brewer},
  Booktitle                = {Hot Topics in Operating Systems, 1999. Proceedings of the Seventh Workshop on},
  Year                     = {1999},
  Pages                    = {174-178}
}

@Electronic{qlustar,
  Title                    = {Qlustar {HPC/Storage} Cluster},
  Organization             = {Q-Leap Networks GmbH},
  Url                      = {https://www.qlustar.com/},

  Owner                    = {sappo},
  Timestamp                = {2016.07.20}
}

